@article{metaML,
  author  = "Taha, Walid and Sheard, Tim",
  title   = "MetaML and multi-stage programming with explicit annotations",
  journal = "Science Direct",
   year    = 2000,
  volume  = "248",
   pages   = "211--242"
}

@article{metaOCaml,
  author    = {Oleg Kiselyov and Yukiyoshi Kameyama},
  title     = {MetaOCaml: Theory and Implementation},
  journal   = {arXiv preprint arXiv:2309.08207},
  year      = {2023},
  url       = {https://arxiv.org/pdf/2309.08207},
}

@article{two-stage,
  author    = "Tim Sheard",
  title     = "Type Safe Abstractions Using Program Generators",
  year      = "1995",
  journal   = "Technical Report",
  volume    = "CSE-95-013",
  publisher = "Oregon Graduate Institute of Science and Technology",
  url       = "https://digitalcollections.ohsu.edu/record/3701?v=pdf"
}
@incollection{multilevel,
  author    = {Robert Glück and John Jørgensen},
  title     = {Multi-level Specialization (Extended Abstract)},
  booktitle = {Partial Evaluation. Practice and Theory},
  editor    = {John Hatcliff and Torben Æ. Mogensen and Peter Thiemann},
  series    = {Lecture Notes in Computer Science},
  volume    = {1706},
  pages     = {326--337},
  year      = {1999},
  publisher = {Springer-Verlag},
  doi       = {10.1007/3-540-47018-2_13},
  url       = {https://doi.org/10.1007/3-540-47018-2_13}
}
sum@article{MilnerRobin1978Atot,
author = {Milner, Robin},
address = {SAN DIEGO},
copyright = {1978},
issn = {0022-0000},
journal = {Journal of computer and system sciences},
keywords = {Computer science ; Technology},
language = {eng},
number = {3},
pages = {348-375},
publisher = {Elsevier Inc},
title = {A theory of type polymorphism in programming},
volume = {17},
year = {1978},
}
@incollection{jones1993chapter5.5,
  title={Chapter 5.5: Call unfolding on the Fly},
  author={Jones, Neil D. and Gomard, Carsten K. and Sestoft, Peter},
  booktitle={Partial Evaluation and Automatic Program Generation},
  year={1993},
  publisher={Prentice Hall},
  pages={118-122}
}

